@book{ponniah2011data,
  title={Data warehousing fundamentals for IT professionals},
  author={Ponniah, Paulraj},
  year={2011},
  publisher={John Wiley \& Sons}
}

@online{pension,
    author ={Frank Schooneveldt},
    editor ={Topicus Finance},
    title ={Topicus Pension and Wealth},
    url ={https://topicus.nl/en/solutions/pension-and-wealth},
    lastaccessed ={January 16, 2023},
}

@online{mortgages,
    author ={Clint van Haalen},
    editor ={Topicus Finance},
    title ={Topicus Mortgages},
    url ={https://topicus.nl/en/solutions/mortgages},
    lastaccessed ={January 16, 2023},
}

@online{businesslending,
    author ={Jamie Burink},
    editor ={Topicus Finance},
    title ={Topicus Lending},
    url ={https://topicus.nl/en/solutions/business-lending},
    lastaccessed ={January 16, 2023},
}

@online{fyndoo,
    author ={Topicus.Finance},
    title ={Fyndoo},
    url ={https://fyndoo.com/},
    lastaccessed ={January 26, 2023},
}

@article{amertha2020data,
  title={The Data Warehouse Design for the Bank X with Inmon Approach},
  author={Amertha, LB and Hartati, Rukmi Sari and Sudarma, Made},
  journal={International Journal of Engineering and Emerging Technology},
  volume={5},
  number={2},
  pages={19--23},
  year={2020}
}

@article{lapura2018development,
  title={Development of a University Financial Data Warehouse and its Visualization Tool},
  author={Lapura, Earl Von F and Fernandez, John Kenneth J and Pagatpat, Mark Jonathan K and Dinawanao, Dante D},
  journal={Procedia Computer Science},
  volume={135},
  pages={587--595},
  year={2018},
  publisher={Elsevier}
}

@article{buavaraporn2013business,
  title={Business process improvement in services: case studies of financial institutions in Thailand},
  author={Buavaraporn, Nattapan and Tannock, James},
  journal={International Journal of Quality \& Reliability Management},
  volume={30},
  number={3},
  pages={319--340},
  year={2013},
  publisher={Emerald Group Publishing Limited}
}

@article{zellner2011structured,
  title={A structured evaluation of business process improvement approaches},
  author={Zellner, Gregor},
  journal={Business Process Management Journal},
  volume={17},
  number={2},
  pages={203--237},
  year={2011},
  publisher={Emerald Group Publishing Limited}
}

@inproceedings{shahzad2009goal,
  title={A goal--oriented approach for business process improvement using process warehouse data},
  author={Shahzad, Khurram and Zdravkovic, Jelena},
  booktitle={The Practice of Enterprise Modeling: Second IFIP WG 8.1 Working Conference, PoEM 2009, Stockholm, Sweden, November 18-19, 2009. Proceedings 2},
  pages={84--98},
  year={2009},
  organization={Springer}
}

@article{al2023empirical,
  title={An empirical study on data warehouse systems effectiveness: the case of Jordanian banks in the business intelligence era},
  author={Al-Okaily, Aws and Al-Okaily, Manaf and Teoh, Ai Ping and Al-Debei, Mutaz M},
  journal={EuroMed Journal of Business},
  volume={18},
  number={4},
  pages={489--510},
  year={2023},
  publisher={Emerald Publishing Limited}
}

@incollection{rahman2022empirical,
  title={An empirical study of data warehouse implementation effectiveness},
  author={Rahman, Nayem},
  booktitle={Big Data and Information Theory},
  pages={85--93},
  year={2022},
  publisher={Routledge}
}

@article{ramamurthy2008data,
  title={Data warehousing infusion and organizational effectiveness},
  author={Ramamurthy, Keshavamurthy and Sen, Arun and Sinha, Atish P},
  journal={IEEE Transactions on Systems, Man, and Cybernetics-Part A: Systems and Humans},
  volume={38},
  number={4},
  pages={976--994},
  year={2008},
  publisher={IEEE}
}

@article{vaisman2014data,
  title={Data warehouse systems},
  author={Vaisman, Alejandro and Zim{\'a}nyi, Esteban},
  journal={Data-Centric Systems and Applications},
  year={2014},
  publisher={Springer}
}

@inproceedings{gupta1997selection,
  title={Selection of views to materialize in a data warehouse},
  author={Gupta, Himanshu},
  booktitle={Database Theory—ICDT'97: 6th International Conference Delphi, Greece, January 8--10, 1997 Proceedings 6},
  pages={98--112},
  year={1997},
  organization={Springer}
}

@INPROCEEDINGS{etl_comparison,
  author={Mukherjee, Rajendrani and Kar, Pragma},
  booktitle={2017 IEEE 7th International Advance Computing Conference (IACC)}, 
  title={A Comparative Review of Data Warehousing ETL Tools with New Trends and Industry Insight}, 
  year={2017},
  volume={},
  number={},
  pages={943-948},
  keywords={Tools;Real-time systems;Data warehouses;Warehousing;Metadata;Loading;Servers;Transformation;Data Warehouse;ETL;tools;OLAP;parallel processing},
  doi={10.1109/IACC.2017.0192}}

@article{thomsen2009survey,
  title={A survey of open source tools for business intelligence},
  author={Thomsen, Christian and Pedersen, Torben Bach},
  journal={International Journal of Data Warehousing and Mining (IJDWM)},
  volume={5},
  number={3},
  pages={56--75},
  year={2009},
  publisher={IGI Global}
}

@article{nejres2015analysis,
  title={Analysis of data warehousing and data mining in education domain},
  author={Nejres, Salwa Mohammed},
  journal={International Journal of Advances in Computer Science and Technology},
  volume={4},
  number={04},
  year={2015}
}

@inproceedings{pulla2016open,
  title={Open source data quality tools: Revisited},
  author={Pulla, Venkata Sai Venkatesh and Varol, Cihan and Al, Murat},
  booktitle={Information Technology: New Generations: 13th International Conference on Information Technology},
  pages={893--902},
  year={2016},
  organization={Springer}
}

@inproceedings{dymora2023performance,
  title={Performance Analysis of a Real-Time Data Warehouse System Implementation Based on Open-Source Technologies},
  author={Dymora, Pawe{\l} and Lichacz, Gabriel and Mazurek, Miros{\l}aw},
  booktitle={International Conference on Dependability and Complex Systems},
  pages={63--73},
  year={2023},
  organization={Springer}
}

Scopus
EXPORT DATE: 23 February 2024

@ARTICLE{Espinoza2023,
	author = {Espinoza, Juan and Sikder, Sab and Lulejian, Armine and Levine, Barry},
	title = {Development of an OpenMRS-OMOP ETL tool to support informatics research and collaboration in LMICs},
	year = {2023},
	journal = {Computer Methods and Programs in Biomedicine Update},
	volume = {4},
	doi = {10.1016/j.cmpbup.2023.100119},
	publisher = {Elsevier B.V.},
	type = {Article}
}

@CONFERENCE{Sreemathy20211650,
	author = {Sreemathy, J. and Brindha, R. and Selva Nagalakshmi, M. and Suvekha, N. and Karthick Ragul, N. and Praveennandha, M.},
	title = {Overview of ETL Tools and Talend-Data Integration},
	year = {2021},
	journal = {2021 7th International Conference on Advanced Computing and Communication Systems, ICACCS 2021},
	pages = {1650 – 1654},
	doi = {10.1109/ICACCS51430.2021.9441984},
	publisher = {Institute of Electrical and Electronics Engineers Inc.},
	type = {Conference paper}
}

@ARTICLE{Thomsen201821,
	author = {Thomsen, Christian and Andersen, Ove and Jensen, Søren Kejser and Pedersen, Torben Bach},
	title = {Programmatic ETL},
	year = {2018},
	journal = {Lecture Notes in Business Information Processing},
	volume = {324},
	pages = {21 – 50},
	doi = {10.1007/978-3-319-96655-7_2},
	editor = {Zimanyi E.},
	publisher = {Springer Verlag},
	type = {Conference paper}
}

@CONFERENCE{Fang2022,
	author = {Fang, Yong-Liang and Ye, Rong-Hua},
	title = {Research and Implementation of ETL Algorithm Based on Kettle Cluster},
	year = {2022},
	journal = {Proceedings of SPIE - The International Society for Optical Engineering},
	volume = {12331},
	doi = {10.1117/12.2652244},
	editor = {Pei Z.},
	publisher = {SPIE}
}

@CONFERENCE{Song2018233,
	author = {Song, Y. and Chen, X. and Li, C. and Xuan, K. and Wang, J. and Liu, G.},
	title = {Design and construction of the data warehouse based on hadoop ecosystem at HLS-II∗},
	year = {2018},
	journal = {Proceedings of the 12th International Workshop on Emerging Technologies and Scientific Facilities Controls, PCaPAC 2018},
	pages = {233 – 235},
	doi = {10.18429/JACoW-PCaPAC2018-FRCB2},
	publisher = {Joint Accelerator Conferences Website (JACoW)},
	type = {Conference paper}
}

@CONFERENCE{Yoo2019476,
	author = {Yoo, Yeisol and Yoo, Jin Soung},
	title = {RFID data warehousing and OLAP with hive},
	year = {2019},
	journal = {Proceedings - 2019 IEEE International Conferences on Ubiquitous Computing and Communications and Data Science and Computational Intelligence and Smart Computing, Networking and Services, IUCC/DSCI/SmartCNS 2019},
	pages = {476 – 483},
	doi = {10.1109/IUCC/DSCI/SmartCNS.2019.00105},
	publisher = {Institute of Electrical and Electronics Engineers Inc.},
	type = {Conference paper}
}

@ARTICLE{Jensen202145,
	author = {Jensen, Søren Kejser and Thomsen, Christian and Pedersen, Torben Bach and Andersen, Ove},
	title = {pygrametl: A Powerful Programming Framework for Easy Creation and Testing of ETL Flows},
	year = {2021},
	journal = {Lecture Notes in Computer Science (including subseries Lecture Notes in Artificial Intelligence and Lecture Notes in Bioinformatics)},
	volume = {12670 LNCS},
	pages = {45 – 84},
	doi = {10.1007/978-3-662-63519-3_3},
	publisher = {Springer Science and Business Media Deutschland GmbH},
	type = {Book chapter}
}

@CONFERENCE{Zheng2023,
	author = {Zheng, Qianqian},
	title = {ETL Based Data Integration Scheduling},
	year = {2023},
	journal = {Proceedings of SPIE - The International Society for Optical Engineering},
	volume = {12509},
	doi = {10.1117/12.2655919},
	editor = {Subramanian K.},
	publisher = {SPIE},
	type = {Conference paper}
}

@ARTICLE{Biswas_programming2019267,
	author = {Biswas, Neepa and Sarkar, Anamitra and Mondal, Kartick Chandra},
	title = {Empirical Analysis of Programmable ETL Tools},
	year = {2019},
	journal = {Communications in Computer and Information Science},
	volume = {1031},
	pages = {267 – 277},
	doi = {10.1007/978-981-13-8581-0_22},
	editor = {Mandal J.K. and Mukhopadhyay S. and Dutta P. and Dasgupta K.},
	publisher = {Springer Verlag},
	type = {Conference paper}
}

@ARTICLE{Yu2022,
	author = {Yu, Yue and Zong, Nansu and Wen, Andrew and Liu, Sijia and Stone, Daniel J. and Knaack, David and Chamberlain, Alanna M. and Pfaff, Emily and Gabriel, Davera and Chute, Christopher G. and Shah, Nilay and Jiang, Guoqian},
	title = {Developing an ETL tool for converting the PCORnet CDM into the OMOP CDM to facilitate the COVID-19 data integration},
	year = {2022},
	journal = {Journal of Biomedical Informatics},
	volume = {127},
	doi = {10.1016/j.jbi.2022.104002},
	publisher = {Academic Press Inc.},
	type = {Article}
}

@CONFERENCE{Baghal2019419,
	author = {Baghal, Ahmad and Al-Shukri, Shaymaa and Kumari, Annu},
	title = {Agile Natural Language Processing Model for Pathology Knowledge Extraction and Integration with Clinical Enterprise Data Warehouse},
	year = {2019},
	journal = {2019 6th International Conference on Social Networks Analysis, Management and Security, SNAMS 2019},
	pages = {419 – 422},
	doi = {10.1109/SNAMS.2019.8931828},
	editor = {Alsmirat M. and Jararweh Y.},
	publisher = {Institute of Electrical and Electronics Engineers Inc.},
	type = {Conference paper}
}

@CONFERENCE{Dean2022,
	author = {Dean, Gregary and Moraes, Joshua and White, Joseph and Deleon, Robert and Jones, Matthew and Furlani, Thomas},
	title = {Performance Optimization of the Open XDMoD Datawarehouse},
	year = {2022},
	journal = {PEARC 2022 Conference Series - Practice and Experience in Advanced Research Computing 2022 - Revolutionary: Computing, Connections, You},
	doi = {10.1145/3491418.3530290},
	publisher = {Association for Computing Machinery, Inc},
	type = {Conference paper}
}

@CONFERENCE{Spengler2020415,
	author = {Spengler, Helmut and Gatz, Ingrid and Kohlmayer, Florian and Kuhn, Klaus A. and Prasser, Fabian},
	title = {Improving data quality in medical research: A monitoring architecture for clinical and translational data warehouses},
	year = {2020},
	journal = {Proceedings - IEEE Symposium on Computer-Based Medical Systems},
	volume = {2020-July},
	pages = {415 – 420},
	doi = {10.1109/CBMS49503.2020.00085},
	editor = {de Herrera A.G.S. and Rodriguez Gonzalez A. and Santosh KC. and Temesgen Z. and Kane B. and Soda P.},
	publisher = {Institute of Electrical and Electronics Engineers Inc.},
	type = {Conference paper}
}

@ARTICLE{Biswas_realtime202053,
	author = {Biswas, Neepa and Sarkar, Anamitra and Mondal, Kartick Chandra},
	title = {Efficient incremental loading in ETL processing for real-time data integration},
	year = {2020},
	journal = {Innovations in Systems and Software Engineering},
	volume = {16},
	number = {1},
	pages = {53 – 61},
	doi = {10.1007/s11334-019-00344-4},
	publisher = {Springer},
	type = {Article}
}

@CONFERENCE{HouSu20221581,
	author = {Hou Su, Voon and Sen Gupta, Sourav and Khan, Arijit},
	title = {Automating ETL and mining of ethereum blockchain network},
	year = {2022},
	journal = {WSDM 2022 - Proceedings of the 15th ACM International Conference on Web Search and Data Mining},
	pages = {1581 – 1584},
	doi = {10.1145/3488560.3502187},
	publisher = {Association for Computing Machinery, Inc},
	type = {Conference paper}
}

@ARTICLE{Dymora202363,
	author = {Dymora, Paweł and Lichacz, Gabriel and Mazurek, Mirosław},
	title = {Performance Analysis of a Real-Time Data Warehouse System Implementation Based on Open-Source Technologies},
	year = {2023},
	journal = {Lecture Notes in Networks and Systems},
	volume = {737 LNNS},
	pages = {63 – 73},
	doi = {10.1007/978-3-031-37720-4_6},
	editor = {Zamojski W. and Mazurkiewicz J. and Sugier J. and Walkowiak T. and Kacprzyk J.},
	publisher = {Springer Science and Business Media Deutschland GmbH},
	type = {Conference paper}
}

@CONFERENCE{Camozzi2022,
	author = {Camozzi, Giorgio and Härer, Felix and Fill, Hans-Georg},
	title = {Multidimensional Analysis of Blockchain Data Using an ETL-based Approach},
	year = {2022},
	journal = {17th International Conference on Wirtschaftsinformatik, WI 2022},
	publisher = {Association for Information Systems},
	type = {Conference paper}
}

@CONFERENCE{Camacho-Rodríguez20191773,
	author = {Camacho-Rodríguez, Jesús and Chauhan, Ashutosh and Gates, Alan and Koifman, Eugene and O'Malley, Owen and Garg, Vineet and Haindrich, Zoltan and Shelukhin, Sergey and Jayachandran, Prasanth and Seth, Siddharth and Jaiswal, Deepak and Bouguerra, Slim and Bangarwa, Nishant and Hariappan, Sankar and Agarwal, Anishek and Dere, Jason and Dai, Daniel and Nair, Thejas and Dembla, Nita and Vijayaraghavan, Gopal and Hagleitner, Günther},
	title = {Apache hive: From mapreduce to enterprise-grade big data warehousing},
	year = {2019},
	journal = {Proceedings of the ACM SIGMOD International Conference on Management of Data},
	pages = {1773 – 1786},
	doi = {10.1145/3299869.3314045},
	publisher = {Association for Computing Machinery},
	type = {Conference paper}
}

@CONFERENCE{Fissore2018267,
	author = {Fissore, F. and Pirotti, F.},
	title = {Migration of digital cartography to CityGML; a web-based tool for supporting simple etl procedures},
	year = {2018},
	journal = {International Archives of the Photogrammetry, Remote Sensing and Spatial Information Sciences - ISPRS Archives},
	volume = {42},
	number = {4},
	pages = {267 – 274},
	doi = {10.5194/isprs-archives-XLII-4-193-2018},
	editor = {Zlatanova S. and Sithole G. and Dragicevic S.},
	publisher = {International Society for Photogrammetry and Remote Sensing},
	type = {Conference paper}
}

@article{harzing2016google,
  title={Google Scholar, Scopus and the Web of Science: a longitudinal and cross-disciplinary comparison},
  author={Harzing, Anne-Wil and Alakangas, Satu},
  journal={Scientometrics},
  volume={106},
  pages={787--804},
  year={2016},
  publisher={Springer}
}

@article{mongeon2016journal,
  title={The journal coverage of Web of Science and Scopus: a comparative analysis},
  author={Mongeon, Philippe and Paul-Hus, Ad{\`e}le},
  journal={Scientometrics},
  volume={106},
  pages={213--228},
  year={2016},
  publisher={Springer}
}

@inproceedings{villegas2018big,
  title={Big data, the next step in the evolution of educational data analysis},
  author={Villegas-Ch, William and Luj{\'a}n-Mora, Sergio and Buena{\~n}o-Fernandez, Diego and Palacios-Pacheco, Xavier},
  booktitle={Proceedings of the International Conference on Information Technology \& Systems (ICITS 2018)},
  pages={138--147},
  year={2018},
  organization={Springer}
}

@inproceedings{costa2018evaluating,
  title={Evaluating several design patterns and trends in big data warehousing systems},
  author={Costa, Carlos and Santos, Maribel Yasmina},
  booktitle={Advanced Information Systems Engineering: 30th International Conference, CAiSE 2018, Tallinn, Estonia, June 11-15, 2018, Proceedings 30},
  pages={459--473},
  year={2018},
  organization={Springer}
}

@inproceedings{kozmina2018information,
  title={Information requirements for big data projects: A review of state-of-the-art approaches},
  author={Kozmina, Natalija and Niedrite, Laila and Zemnickis, Janis},
  booktitle={Databases and Information Systems: 13th International Baltic Conference, DB\&IS 2018, Trakai, Lithuania, July 1-4, 2018, Proceedings 13},
  pages={73--89},
  year={2018},
  organization={Springer}
}

@article{golfarelli2017star,
  title={From Star Schemas to Big Data: 20 Years of Data Warehouse Research},
  author={Golfarelli, Matteo and Rizzi, Stefano},
  journal={A comprehensive guide through the Italian database research over the last 25 years},
  pages={93--107},
  year={2017},
  publisher={Springer}
}

@article{chandra2018comprehensive,
  title={Comprehensive survey on data warehousing research},
  author={Chandra, Pravin and Gupta, Manoj K},
  journal={International Journal of Information Technology},
  volume={10},
  pages={217--224},
  year={2018},
  publisher={Springer}
}

@inproceedings{eom2020dss,
  title={DSS, BI, and data analytics research: current state and emerging trends (2015--2019)},
  author={Eom, Sean},
  booktitle={Decision Support Systems X: Cognitive Decision Support Systems and Technologies: 6th International Conference on Decision Support System Technology, ICDSST 2020, Zaragoza, Spain, May 27--29, 2020, Proceedings 6},
  pages={167--179},
  year={2020},
  organization={Springer}
}

@article{dhaouadi2022data,
  title={Data warehousing process modeling from classical approaches to new trends: Main features and comparisons},
  author={Dhaouadi, Asma and Bousselmi, Khadija and Gammoudi, Mohamed Mohsen and Monnet, S{\'e}bastien and Hammoudi, Slimane},
  journal={Data},
  volume={7},
  number={8},
  pages={113},
  year={2022},
  publisher={MDPI}
}

@inproceedings{Alonso2023future,
    author = {Alonso, Gustavo and Ailamaki, Natassa and Krishnamurthy, Sailesh and Madden, Sam and Sivasubramanian, Swami and Ramakrishnan, Raghu},
    title = {Future of Database System Architectures},
    year = {2023},
    isbn = {9781450395076},
    publisher = {Association for Computing Machinery},
    address = {New York, NY, USA},
    url = {https://doi.org/10.1145/3555041.3589360},
    doi = {10.1145/3555041.3589360},
    booktitle = {Companion of the 2023 International Conference on Management of Data},
    pages = {261–262},
    numpages = {2},
    location = {Seattle, WA, USA},
    series = {SIGMOD '23}
}

Scopus
EXPORT DATE: 7 March 2024

@CONFERENCE{Ramadhani202188,
author={Ramadhani, P.P. and Hadi, S. and Rosadi, R.},
title={Implementation of Data Warehouse in Making Business Intelligence Dashboard Development Using PostgreSQL Database and Kimball Lifecycle Method},
journal={2021 International Conference on Artificial Intelligence and Big Data Analytics, ICAIBDA 2021},
year={2021},
pages={88-92},
doi={10.1109/ICAIBDA53487.2021.9689697},
document_type={Conference Paper}
}

@CONFERENCE{Himami2021146,
author={Himami, M. and Abdullah, A.S. and Nurma Yulita, I. and Suryani, M.},
title={Utilization of Data Warehouse in Business Intelligence with Kimball Method at Company XYZ},
journal={2021 International Conference on Artificial Intelligence and Big Data Analytics, ICAIBDA 2021},
year={2021},
pages={146-151},
doi={10.1109/ICAIBDA53487.2021.9689720},
document_type={Conference Paper}
}

@ARTICLE{Takács20201,
author={Takács, V.L. and Bubnó, K. and Ráthonyi, G.G. and Bába, É.B. and Szilágyi, R.},
title={Data warehouse hybrid modeling methodology},
journal={Data Science Journal},
year={2020},
volume={19},
number={1},
pages={1-23},
doi={10.5334/dsj-2020-038},
art_number={38},
document_type={Article}
}

@CONFERENCE{Wahyudi2019,
author={Wahyudi, K. and Latupapua, J. and Chandra, R. and Girsang, A.S. and Isa, S.M.},
title={Business Intelligence for Employment Classification in Jakarta Government Data},
journal={Proceeding - 2019 International Conference on ICT for Smart Society: Innovation and Transformation Toward Smart Region, ICISS 2019},
year={2019},
doi={10.1109/ICISS48059.2019.8969851},
art_number={8969851},
document_type={Conference Paper}
}

@CONFERENCE{Rahutomo2018128,
author={Rahutomo, R. and Putri, R.A. and Pardamean, B.},
title={Building Datawarehouse for Educational Institutions in 9 Steps},
journal={1st 2018 Indonesian Association for Pattern Recognition International Conference, INAPR 2018 - Proceedings},
year={2018},
pages={128-133},
doi={10.1109/INAPR.2018.8627010},
art_number={8627010},
document_type={Conference Paper}
}

@book{kimball2011data,
  title={The data warehouse toolkit: the complete guide to dimensional modeling},
  author={Kimball, Ralph and Ross, Margy},
  year={2011},
  publisher={John Wiley \& Sons}
}

@inproceedings{uvidia2017moving,
  title={Moving towards a methodology employing knowledge discovery in databases to assist in decision making regarding academic placement and student admissions for universities},
  author={Uvidia Fassler, Mar{\'\i}a Isabel and Cisneros Barahona, Andr{\'e}s Santiago and {\'A}vila-Pes{\'a}ntez, Diego Fernando and Rodr{\'\i}guez Flores, Ivonne Elizabeth},
  booktitle={International Conference on Technology Trends},
  pages={215--229},
  year={2017},
  organization={Springer}
}

@inproceedings{raman2023implications,
  title={Implications of Brewer's Rule in Data Warehouse Design},
  author={Raman, Ramakrishnan and Peter, John Benito Jesudasan and Gokhale, Atul A and Manikandan, J and Ganesh, EN and Srinivasan, C},
  booktitle={2023 7th International Conference on I-SMAC (IoT in Social, Mobile, Analytics and Cloud)(I-SMAC)},
  pages={349--354},
  year={2023},
  organization={IEEE}
}

@inproceedings{letrache2018green,
  title={Green data warehouse design and exploitation},
  author={Letrache, Khadija and El Beggar, Omar and Ramdani, Mohammed},
  booktitle={Proceedings of the 12th International Conference on Intelligent Systems: Theories and Applications},
  pages={1--6},
  year={2018}
}

Scopus
EXPORT DATE: 8 March 2024

@ARTICLE{Liu202334,
author={Liu, G. and Pang, Z. and Zeng, J. and Hong, H. and Sun, Y. and Su, M. and Ma, N.},
title={IoT Lakehouse: A New Data Management Paradigm for AIoT},
journal={Lecture Notes in Computer Science (including subseries Lecture Notes in Artificial Intelligence and Lecture Notes in Bioinformatics)},
year={2023},
volume={14203 LNCS},
pages={34-47},
doi={10.1007/978-3-031-44725-9_3},
document_type={Conference Paper}
}

@ARTICLE{Soussi2023762,
author={Soussi, N.},
title={OPTIMIZATION of COLUMNAR NOSQL DATA WAREHOUSE MODEL with CLARANS CLUSTERING ALGORITHM},
journal={Computing and Informatics},
year={2023},
volume={42},
number={3},
pages={762-780},
doi={10.31577/cai_2023_3_762},
document_type={Article}
}

@ARTICLE{Oukhouya2023332,
author={Oukhouya, L. and haddadi, A.E. and Er-raha, B. and Asri, H. and Sbai, A.},
title={Designing Hybrid Storage Architectures with RDBMS and NoSQL Systems: A Survey},
journal={Lecture Notes in Networks and Systems},
year={2023},
volume={637 LNNS},
pages={332-343},
doi={10.1007/978-3-031-26384-2_29},
document_type={Conference Paper}
}

@ARTICLE{Khalil2022547,
author={Khalil, A. and Belaissaoui, M.},
title={A Graph-oriented Framework for Online Analytical Processing},
journal={International Journal of Advanced Computer Science and Applications},
year={2022},
volume={13},
number={5},
pages={547-555},
doi={10.14569/IJACSA.2022.0130564},
document_type={Article}
}

@ARTICLE{Bouaziz2021129,
author={Bouaziz, S. and Nabli, A. and Gargouri, F.},
title={Towards data warehouse from open data: Case of COVID-19},
journal={International Journal of Hybrid Intelligent Systems},
year={2021},
volume={17},
number={3-4},
pages={129-142},
doi={10.3233/HIS-210010},
document_type={Article},
}

@ARTICLE{Banerjee2021162,
author={Banerjee, S. and Bhaskar, S. and Sarkar, A. and Debnath, N.C.},
title={A unified conceptual model for data warehouses},
journal={Annals of Emerging Technologies in Computing},
year={2021},
volume={5},
number={Special issue 5},
pages={162-169},
doi={10.33166/AETiC.2021.05.020},
document_type={Article}
}

@ARTICLE{Berkani2020397,
author={Berkani, N. and Bellatreche, L. and Khouri, S. and Ordonez, C.},
title={The contribution of linked open data to augment a traditional data warehouse},
journal={Journal of Intelligent Information Systems},
year={2020},
volume={55},
number={3},
pages={397-421},
doi={10.1007/s10844-020-00594-w},
document_type={Article}
}

@ARTICLE{Plazas202084,
author={Plazas, J.E. and Bimonte, S. and Schneider, M. and de Vaulx, C. and Corrales, J.C.},
title={Self-service Business Intelligence over On-Demand IoT Data: A New Design Methodology Based on Rapid Prototyping},
journal={Communications in Computer and Information Science},
year={2020},
volume={1259 CCIS},
pages={84-93},
doi={10.1007/978-3-030-54623-6_8},
document_type={Conference Paper}
}

@ARTICLE{Artamonov2019794,
author={Artamonov, Y.N.},
title={Building a Data Store with the Dynamic Structure},
journal={Automatic Control and Computer Sciences},
year={2019},
volume={53},
number={7},
pages={794-810},
doi={10.3103/S0146411619070265},
document_type={Article}
}

@CONFERENCE{Rahman2019181,
author={Rahman, A. and Ermatita and Budianta, D.},
title={Data Warehouse Design for Soil Nutrients with IoT Based Data Sources},
journal={Proceedings - 1st International Conference on Informatics, Multimedia, Cyber and Information System, ICIMCIS 2019},
year={2019},
pages={181-186},
doi={10.1109/ICIMCIS48181.2019.8985209},
art_number={8985209},
document_type={Conference Paper}
}

@ARTICLE{Ferro2019221,
author={Ferro, M. and Lima, R. and Fidalgo, R.},
title={Evaluating Redundancy and Partitioning of Geospatial Data in Document-Oriented Data Warehouses},
journal={Lecture Notes in Computer Science (including subseries Lecture Notes in Artificial Intelligence and Lecture Notes in Bioinformatics)},
year={2019},
volume={11708 LNCS},
pages={221-235},
doi={10.1007/978-3-030-27520-4_16},
document_type={Conference Paper}
}

@CONFERENCE{Bouaziz2019221,
author={Bouaziz, S. and Nabli, A. and Gargouri, F.},
title={Design a data warehouse schema from document-oriented database},
journal={Procedia Computer Science},
year={2019},
volume={159},
pages={221-230},
doi={10.1016/j.procs.2019.09.177},
document_type={Conference Paper}
}

@ARTICLE{Khouri2018,
author={Khouri, S. and Bellatreche, L.},
title={LOD for data warehouses: Managing the ecosystem co-evolution},
journal={Information (Switzerland)},
year={2018},
volume={9},
number={7},
doi={10.3390/info9070174},
art_number={174},
document_type={Article}
}

@inproceedings{khouri2019data,
  title={Data cube is dead, long life to data cube in the age of web data},
  author={Khouri, Selma and Berkani, Nabila and Bellatreche, Ladjel and Lanasri, Dihia},
  booktitle={Big Data Analytics: 7th International Conference, BDA 2019, Ahmedabad, India, December 17--20, 2019, Proceedings 7},
  pages={44--64},
  year={2019},
  organization={Springer}
}


@CONFERENCE{Berkani20181ETL,
author={Berkani, N. and Bellatreche, L. and Ordonez, C.},
title={ETL-aware materialized view selection in semantic data stream warehouses},
journal={Proceedings - International Conference on Research Challenges in Information Science},
year={2018},
volume={2018-May},
pages={1-11},
doi={10.1109/RCIS.2018.8406668},
document_type={Conference Paper}
}

@CONFERENCE{Khouri20181,
author={Khouri, S. and Bellatreche, L.},
title={Consolidation of BI efforts in the LOD era for african context},
journal={Proceedings - International Conference on Software Engineering},
year={2018},
pages={1-10},
doi={10.1145/3195528.3195529},
document_type={Conference Paper}
}

Scopus
EXPORT DATE: 8 March 2024

@ARTICLE{Garani202388,
author={Garani, G. and Tolis, D. and Savvas, I.K.},
title={A trajectory data warehouse solution for workforce management decision-making},
journal={Data Science and Management},
year={2023},
volume={6},
number={2},
pages={88-97},
doi={10.1016/j.dsm.2023.03.002},
document_type={Article}
}

@CONFERENCE{RodriguezBrisaboa2020113,
author={Rodriguez Brisaboa, N. and Farina, A. and Navarro, G. and Varela Rodeiro, T.},
title={Semantrix: A compressed semantic matrix},
journal={Data Compression Conference Proceedings},
year={2020},
volume={2020-March},
pages={113-122},
doi={10.1109/DCC47342.2020.00019},
art_number={9105851},
document_type={Conference Paper}
}

@ARTICLE{Zekri2018380,
author={Zekri, A. and Massa Â Bi, M. and Layouni, O. and Akaichi, J.},
title={Trajectory ETL modeling},
journal={Smart Innovation, Systems and Technologies},
year={2018},
volume={76},
pages={380-389},
doi={10.1007/978-3-319-59480-4_38},
document_type={Conference Paper}
}

@ARTICLE{Azaiez2018353,
author={Azaiez, N. and Akaichi, J.},
title={Integrating trajectory data in the warehousing chain: A new way to handle the trajectory ELT process},
journal={Smart Innovation, Systems and Technologies},
year={2018},
volume={76},
pages={353-361},
doi={10.1007/978-3-319-59480-4_35},
document_type={Conference Paper}
}
